@ARTICLE{jones_2016,
   author = {{Jones}, J. and {White}, R.~J. and {Quinn}, S. and {Ireland}, M. and 
	{Boyajian}, T. and {Schaefer}, G. and {Baines}, E.~K.},
    title = "{The Age of the Directly Imaged Planet Host Star {$\kappa$} Andromedae Determined from Interferometric Observations}",
  journal = {\apjl},
archivePrefix = "arXiv",
   eprint = {1604.02176},
 primaryClass = "astro-ph.SR",
 keywords = {planetary systems, stars: early-type, stars: evolution, stars: individual: kappa Andromedae, stars: rotation, techniques: interferometric },
     year = 2016,
    month = may,
   volume = 822,
      eid = {L3},
    pages = {L3},
      doi = {10.3847/2041-8205/822/1/L3},
   adsurl = {http://adsabs.harvard.edu/abs/2016ApJ...822L...3J},
  adsnote = {Provided by the SAO/NASA Astrophysics Data System}
}
