@book{knuth1986texbook,
  title={The \TeX book},
  author={Knuth, D.E.},
  isbn={9780201134476},
  lccn={85030845},
  series={Computers \& typesetting},
  url={https://books.google.com/books?id=zqgQAQAAMAAJ},
  year={1986},
  publisher={Addison-Wesley}
}
